@article{armstrong2006quarks,
    title={The quarks of object-oriented development},
    author={Armstrong, Deborah J},
    journal={Communications of the ACM},
    volume={49},
    number={2},
    pages={123--128},
    year={2006},
    publisher={ACM}
}

@article{pierce1994simple,
    title={Simple type-theoretic foundations for object-oriented programming},
    author={Pierce, Benjamin C and Turner, David N},
    journal={Journal of functional programming},
    volume={4},
    number={02},
    pages={207--247},
    year={1994},
    publisher={Cambridge Univ Press}
}

@inproceedings{mainland2007s,
    title={Why it's nice to be quoted: quasiquoting for {Haskell}},
    author={Mainland, Geoffrey},
    booktitle={Proceedings of the ACM SIGPLAN workshop on Haskell workshop},
    pages={73--82},
    year={2007},
    organization={ACM}
}

@inproceedings{clarke1998ownership,
  title={Ownership types for flexible alias protection},
  author={Clarke, David G and Potter, John M and Noble, James},
  booktitle={ACM SIGPLAN Notices},
  volume={33},
  number={10},
  pages={48--64},
  year={1998},
  organization={ACM}
}

@inproceedings{cook1989inheritance,
    title={Inheritance is not subtyping},
    author={Cook, William R and Hill, Walter and Canning, Peter S},
    booktitle={Proceedings of the 17th ACM SIGPLAN-SIGACT symposium on Principles of programming languages},
    pages={125--135},
    year={1989},
    organization={ACM}
}

@incollection{day2012towards,
    title={Towards modular compilers for effects},
    author={Day, Laurence E and Hutton, Graham},
    booktitle={Trends in Functional Programming},
    pages={49--64},
    year={2012},
    publisher={Springer}
}

@article{hogg1992geneva,
    title={The Geneva convention on the treatment of object aliasing},
    author={Hogg, John and Lea, Doug and Wills, Alan and deChampeaux, Dennis and Holt, Richard},
    journal={ACM SIGPLAN OOPS Messenger},
    volume={3},
    number={2},
    pages={11--16},
    year={1992},
    publisher={ACM}
}

@article{huet1997zipper,
    title={The zipper},
    author={Huet, G{\'e}rard},
    journal={Journal of Functional Programming},
    volume={7},
    number={05},
    pages={549--554},
    year={1997},
    publisher={Cambridge Univ Press}
}

@incollection{jaskelioff2011monatron,
    title={Monatron: An extensible monad transformer library},
    author={Jaskelioff, Mauro},
    booktitle={Implementation and Application of Functional Languages},
    pages={233--248},
    year={2011},
    publisher={Springer}
}

@incollection{jones1995functional,
    title={Functional programming with overloading and higher-order polymorphism},
    author={Jones, Mark P},
    booktitle={Advanced Functional Programming},
    pages={97--136},
    year={1995},
    publisher={Springer}
}

@incollection{jones2000type,
    title={Type classes with functional dependencies},
    author={Jones, Mark P},
    booktitle={Programming Languages and Systems},
    pages={230--244},
    year={2000},
    publisher={Springer}
}

@article{kiselyov2005haskell,
    title={Haskell's overlooked object system},
    author={Kiselyov, Oleg and L{\"a}mmel, Ralf},
    journal={arXiv preprint cs/0509027},
    year={2005}
}

@inproceedings{kiselyov2013extensible,
    title={Extensible effects: an alternative to monad transformers},
    author={Kiselyov, Oleg and Sabry, Amr and Swords, Cameron},
    booktitle={ACM SIGPLAN Notices},
    volume={48},
    number={12},
    pages={59--70},
    year={2013},
    organization={ACM}
}

@inproceedings{loh2006open,
    title={Open data types and open functions},
    author={L{\"o}h, Andres and Hinze, Ralf},
    booktitle={Proceedings of the 8th ACM SIGPLAN international conference on Principles and practice of declarative programming},
    pages={133--144},
    year={2006},
    organization={ACM}
}

@article{launchbury1995state,
    title={State in haskell},
    author={Launchbury, John and Jones, Simon L Peyton},
    journal={Lisp and Symbolic Computation},
    volume={8},
    number={4},
    pages={293--341},
    year={1995},
    publisher={Springer}
}

@book{moggi1990abstract,
    title={An abstract view of programming languages},
    author={Moggi, Eugenio},
    year={1990},
    publisher={University of Edinburgh, Department of Computer Science, Laboratory for Foundations of Computer Science}
}

@article{nadathur1988overview,
    title={An overview of Lambda-PROLOG},
    author={Nadathur, Gopalan and Miller, Dale},
    year={1988}
}

@incollection{plotkin2009handlers,
    title={Handlers of algebraic effects},
    author={Plotkin, Gordon and Pretnar, Matija},
    booktitle={Programming Languages and Systems},
    pages={80--94},
    year={2009},
    publisher={Springer}
}

@inproceedings{schrijvers2011monads,
    title={Monads, zippers and views: virtualizing the monad stack},
    author={Schrijvers, Tom and Oliveira, Bruno CdS},
    booktitle={ACM SIGPLAN Notices},
    volume={46},
    number={9},
    pages={32--44},
    year={2011},
    organization={ACM}
}

@article{shields2001object,
    title={Object-oriented style overloading for Haskell},
    author={Shields, Mark and Jones, Simon Peyton},
    journal={Electronic Notes in Theoretical Computer Science},
    volume={59},
    number={1},
    pages={89--108},
    year={2001},
    publisher={Elsevier}
}

@article{somogyi1996execution,
    title={The execution algorithm of Mercury, an efficient purely declarative logic programming language},
    author={Somogyi, Zoltan and Henderson, Fergus and Conway, Thomas},
    journal={The Journal of Logic Programming},
    volume={29},
    number={1},
    pages={17--64},
    year={1996},
    publisher={Elsevier}
}

@article{swierstra2008data,
    title={Data types {\`a} la carte},
    author={Swierstra, Wouter},
    journal={Journal of Functional Programming},
    volume={18},
    number={04},
    pages={423--436},
    year={2008},
    publisher={Cambridge University Press}
}

@article{wadler1998expression,
    title={The expression problem},
    author={Wadler, Philip},
    journal={Java-genericity mailing list},
    year={1998}
}